@article{循环神经网络,
  title={循环神经网络},
  journal={计算机应用：英文版},
  volume={000},
  number={003},
  pages={41-44},
}
@article{lipton2015critical,
  title={A critical review of recurrent neural networks for sequence learning},
  author={Lipton, Zachary C and Berkowitz, John and Elkan, Charles},
  journal={arXiv preprint arXiv:1506.00019},
  year={2015}
}
@inproceedings{graves2014towards,
  title={Towards end-to-end speech recognition with recurrent neural networks},
  author={Graves, Alex and Jaitly, Navdeep},
  booktitle={International conference on machine learning},
  pages={1764--1772},
  year={2014}
}
@book{Mitchell1997Machine,
  title={Machine learning},
  author={Mitchell, Tom M},
  year={1997},
}
@article{liu2014recursive,
  title={A recursive recurrent neural network for statistical machine translation},
  author={Liu, Shujie and Yang, Nan and Li, Mu and Zhou, Ming},
  year={2014}
}
@inproceedings{sutskever2014sequence,
  title={Sequence to sequence learning with neural networks},
  author={Sutskever, Ilya and Vinyals, Oriol and Le, Quoc V},
  booktitle={Advances in neural information processing systems},
  pages={3104--3112},
  year={2014}
}
@inproceedings{Deng2014Foundations,
  title={Foundations and Trends in Signal Processing: DEEP LEARNING - Methods and Applications},
  author={Deng, Li},
  year={2014},
}
@article{auli2013joint,
  title={Joint language and translation modeling with recurrent neural networks},
  author={Auli, Michael and Galley, Michel and Quirk, Chris and Zweig, Geoffrey},
  year={2013}
}
@article{朱小燕基于循环神经网络的语音识别模型,
  title={基于循环神经网络的语音识别模型},
  author={朱小燕 and 王昱 and 徐伟},
  journal={计算机学报},
  number={02},
  pages={102-107},
}
@misc{RNN1,
  author = {WILDML},
  year = {2016},
  url = {http://www.wildml.com/2015/09/recurrent-neural-networks-tutorial-part-1-introduction-to-rnns/},
  urldate = {March 9, 2017},
  title = {Recurrent Neural Networks Tutorial, Part 1 – Introduction to RNNs}
}
@misc{RNN2,
  author = {Evan},
  year = {2018},
  url = {https://zhuanlan.zhihu.com/p/34203833},
  urldate = {March 9, 2020},
  title = {深入理解LSTM及其变种GRU}
}
@misc{RNN3,
  author = {Olah},
  year = {2015},
  url = {http://colah.github.io/posts/2015-08-Understanding-LSTMs/},
  urldate = {March 9, 2020},
  title = {Understanding LSTM Networks}
}
@misc{RNN4,
  author = {Programmer's Home},
  year = {2019},
  url = {https://zhuanlan.zhihu.com/p/56516127},
  urldate = {March 9, 2020},
  title = {Understanding LSTM Networks}
}
@misc{RNN5,
  author = {机器之心},
  year = {2019},
  url = {https://www.msra.cn/zh-cn/news/features/ming-zhou-nlp},
  urldate = {March 9, 2020},
  title = {对话周明：回望过去，展望未来，NLP有哪些发展趋势？}
}
@misc{RNN6,
  author = {不会停的蜗牛},
  year = {2017},
  url = {https://www.jianshu.com/p/39a99c88a565},
  urldate = {March 9, 2020},
  title = {详解循环神经网络(Recurrent Neural Network)}
}
@misc{RNN7,
  author = {Doit},
  year = {2017},
  url = {https://blog.csdn.net/qq_31456593/article/details/71110452},
  urldate = {March 9, 2020},
  title = {RNN详解}
}

